<?xml version="1.0" encoding="UTF-8"?><collection xmlns="http://www.loc.gov/MARC21/slim"><record><leader>00492nam--2200157-i-4500</leader><controlfield tag="001">000019914</controlfield><controlfield tag="002">20161230</controlfield><controlfield tag="005">20161230201033</controlfield><controlfield tag="008">060222s1000------------r-----000-0-eng-d</controlfield><datafield ind1=" " ind2=" " tag="080"><subfield code="a">517.982.4:530.1</subfield></datafield><datafield ind1=" " ind2=" " tag="100"><subfield code="a">Constantinescu, Florin</subfield></datafield><datafield ind1=" " ind2=" " tag="245"><subfield code="a">Distributions and their applications in physics.translated by jones, w.e</subfield></datafield><datafield ind1=" " ind2=" " tag="260"><subfield code="a">Oxford, Pergamon Press, 1980. X + 148 P</subfield></datafield><datafield ind1=" " ind2=" " tag="490"><subfield code="a">International Series In Nature Philosophy</subfield></datafield><datafield ind1=" " ind2=" " tag="700"><subfield code="a">Farina, J.E.G., Fullerton, G.H</subfield></datafield><datafield ind1=" " ind2=" " tag="852"><subfield code="a">49186</subfield></datafield></record></collection>